@book{dontpanic,
  title     = {Don't Panic: A Guide to MATA21 Analysis in One Variable},
  author    = {Jan-Fredrik Olsen},
  year      = {2023},
  edition   = {Version: January 17, 2023},
  note      = {Exercise 1.122},
}